<record><leader>00000cas a22000007a 4500</leader><controlfield tag="001">15247868</controlfield><controlfield tag="008">870227c19219999inuwr ne      0    0eng d</controlfield><datafield ind1=" " ind2=" " tag="010"><subfield code="a">sn 87055657 </subfield></datafield><datafield ind1=" " ind2=" " tag="040"><subfield code="a">NPI</subfield><subfield code="b">eng</subfield><subfield code="c">NPI</subfield><subfield code="d">OCLCQ</subfield></datafield><datafield ind1=" " ind2=" " tag="042"><subfield code="a">msc</subfield></datafield><datafield ind1="0" ind2=" " tag="130"><subfield code="a">LaGrange news (Lagrange, Ind.)</subfield></datafield><datafield ind1="1" ind2="4" tag="245"><subfield code="a">The LaGrange news.</subfield></datafield><datafield ind1=" " ind2=" " tag="260"><subfield code="a">LaGrange, Ind. :</subfield><subfield code="b">LaGrange Pub. Co.</subfield></datafield><datafield ind1=" " ind2=" " tag="300"><subfield code="a">v. :</subfield><subfield code="b">ill.</subfield></datafield><datafield ind1=" " ind2=" " tag="310"><subfield code="a">Weekly</subfield></datafield><datafield ind1="1" ind2=" " tag="362"><subfield code="a">Began in 1921?</subfield></datafield><datafield ind1=" " ind2=" " tag="588"><subfield code="a">Description based on: Jan. 30, 1929.</subfield></datafield><datafield ind1=" " ind2=" " tag="752"><subfield code="a">United States</subfield><subfield code="b">Indiana</subfield><subfield code="c">LaGrange</subfield><subfield code="d">Lagrange.</subfield></datafield><datafield ind1="0" ind2="0" tag="780"><subfield code="t">LaGrange Democrat-call</subfield><subfield code="w">(DLC)sn 87055656</subfield></datafield><datafield ind1="1" ind2=" " tag="787"><subfield code="t">LaGrange standard</subfield><subfield code="w">(DLC)sn 84023991</subfield><subfield code="w">(OCoLC)11122094</subfield></datafield></record>